%YAML 1.1
%TAG !u! tag:unity3d.com,2011:
--- !u!1 &115582
GameObject:
  m_ObjectHideFlags: 0
  m_PrefabParentObject: {fileID: 0}
  m_PrefabInternal: {fileID: 100100000}
  serializedVersion: 4
  m_Component:
  - 4: {fileID: 464934}
  - 114: {fileID: 11493790}
  m_Layer: 0
  m_Name: Socket_nose
  m_TagString: Untagged
  m_Icon: {fileID: 0}
  m_NavMeshLayer: 0
  m_StaticEditorFlags: 0
  m_IsActive: 1
--- !u!1 &119954
GameObject:
  m_ObjectHideFlags: 0
  m_PrefabParentObject: {fileID: 0}
  m_PrefabInternal: {fileID: 100100000}
  serializedVersion: 4
  m_Component:
  - 4: {fileID: 424492}
  - 114: {fileID: 11420600}
  m_Layer: 0
  m_Name: Socket_earLeft
  m_TagString: Untagged
  m_Icon: {fileID: 0}
  m_NavMeshLayer: 0
  m_StaticEditorFlags: 0
  m_IsActive: 1
--- !u!1 &125386
GameObject:
  m_ObjectHideFlags: 0
  m_PrefabParentObject: {fileID: 0}
  m_PrefabInternal: {fileID: 100100000}
  serializedVersion: 4
  m_Component:
  - 4: {fileID: 457294}
  - 114: {fileID: 11419998}
  m_Layer: 0
  m_Name: Socket_earRight
  m_TagString: Untagged
  m_Icon: {fileID: 0}
  m_NavMeshLayer: 0
  m_StaticEditorFlags: 0
  m_IsActive: 1
--- !u!1 &136732
GameObject:
  m_ObjectHideFlags: 0
  m_PrefabParentObject: {fileID: 0}
  m_PrefabInternal: {fileID: 100100000}
  serializedVersion: 4
  m_Component:
  - 4: {fileID: 416878}
  - 114: {fileID: 11424404}
  m_Layer: 0
  m_Name: soldierPart_head_dummy
  m_TagString: SoldierPart
  m_Icon: {fileID: 0}
  m_NavMeshLayer: 0
  m_StaticEditorFlags: 0
  m_IsActive: 1
--- !u!1 &147790
GameObject:
  m_ObjectHideFlags: 0
  m_PrefabParentObject: {fileID: 0}
  m_PrefabInternal: {fileID: 100100000}
  serializedVersion: 4
  m_Component:
  - 4: {fileID: 492234}
  - 114: {fileID: 11476796}
  m_Layer: 0
  m_Name: Socket_hat
  m_TagString: Untagged
  m_Icon: {fileID: 0}
  m_NavMeshLayer: 0
  m_StaticEditorFlags: 0
  m_IsActive: 1
--- !u!1 &149074
GameObject:
  m_ObjectHideFlags: 0
  m_PrefabParentObject: {fileID: 0}
  m_PrefabInternal: {fileID: 100100000}
  serializedVersion: 4
  m_Component:
  - 4: {fileID: 464276}
  - 114: {fileID: 11420752}
  m_Layer: 0
  m_Name: Socket_mouth
  m_TagString: Untagged
  m_Icon: {fileID: 0}
  m_NavMeshLayer: 0
  m_StaticEditorFlags: 0
  m_IsActive: 1
--- !u!1 &182520
GameObject:
  m_ObjectHideFlags: 0
  m_PrefabParentObject: {fileID: 0}
  m_PrefabInternal: {fileID: 100100000}
  serializedVersion: 4
  m_Component:
  - 4: {fileID: 494546}
  - 212: {fileID: 21237066}
  - 60: {fileID: 6024538}
  m_Layer: 0
  m_Name: Visual
  m_TagString: SoldierPart
  m_Icon: {fileID: 0}
  m_NavMeshLayer: 0
  m_StaticEditorFlags: 0
  m_IsActive: 1
--- !u!1 &195036
GameObject:
  m_ObjectHideFlags: 0
  m_PrefabParentObject: {fileID: 0}
  m_PrefabInternal: {fileID: 100100000}
  serializedVersion: 4
  m_Component:
  - 4: {fileID: 454788}
  - 114: {fileID: 11400266}
  m_Layer: 0
  m_Name: Socket_eyes
  m_TagString: Untagged
  m_Icon: {fileID: 0}
  m_NavMeshLayer: 0
  m_StaticEditorFlags: 0
  m_IsActive: 1
--- !u!4 &416878
Transform:
  m_ObjectHideFlags: 1
  m_PrefabParentObject: {fileID: 0}
  m_PrefabInternal: {fileID: 100100000}
  m_GameObject: {fileID: 136732}
  m_LocalRotation: {x: 0, y: 0, z: 0, w: 1}
  m_LocalPosition: {x: 0, y: 0, z: 0}
  m_LocalScale: {x: 1, y: 1, z: 1}
  m_Children:
  - {fileID: 494546}
  - {fileID: 492234}
  - {fileID: 454788}
  - {fileID: 464934}
  - {fileID: 464276}
  - {fileID: 424492}
  - {fileID: 457294}
  m_Father: {fileID: 0}
  m_RootOrder: 0
--- !u!4 &424492
Transform:
  m_ObjectHideFlags: 1
  m_PrefabParentObject: {fileID: 0}
  m_PrefabInternal: {fileID: 100100000}
  m_GameObject: {fileID: 119954}
  m_LocalRotation: {x: 0, y: 0, z: 0, w: 1}
  m_LocalPosition: {x: -0.519, y: 0.827, z: 0}
  m_LocalScale: {x: 1, y: 1, z: 1}
  m_Children: []
  m_Father: {fileID: 416878}
  m_RootOrder: 5
--- !u!4 &454788
Transform:
  m_ObjectHideFlags: 1
  m_PrefabParentObject: {fileID: 0}
  m_PrefabInternal: {fileID: 100100000}
  m_GameObject: {fileID: 195036}
  m_LocalRotation: {x: 0, y: 0, z: 0, w: 1}
  m_LocalPosition: {x: 0.047, y: 1.034, z: 0}
  m_LocalScale: {x: 1, y: 1, z: 1}
  m_Children: []
  m_Father: {fileID: 416878}
  m_RootOrder: 2
--- !u!4 &457294
Transform:
  m_ObjectHideFlags: 1
  m_PrefabParentObject: {fileID: 0}
  m_PrefabInternal: {fileID: 100100000}
  m_GameObject: {fileID: 125386}
  m_LocalRotation: {x: 0, y: 0, z: 0, w: 1}
  m_LocalPosition: {x: 0.715, y: 0.733, z: 0}
  m_LocalScale: {x: 1, y: 1, z: 1}
  m_Children: []
  m_Father: {fileID: 416878}
  m_RootOrder: 6
--- !u!4 &464276
Transform:
  m_ObjectHideFlags: 1
  m_PrefabParentObject: {fileID: 0}
  m_PrefabInternal: {fileID: 100100000}
  m_GameObject: {fileID: 149074}
  m_LocalRotation: {x: 0, y: 0, z: 0, w: 1}
  m_LocalPosition: {x: -0.104, y: 0.195, z: 0}
  m_LocalScale: {x: 1, y: 1, z: 1}
  m_Children: []
  m_Father: {fileID: 416878}
  m_RootOrder: 4
--- !u!4 &464934
Transform:
  m_ObjectHideFlags: 1
  m_PrefabParentObject: {fileID: 0}
  m_PrefabInternal: {fileID: 100100000}
  m_GameObject: {fileID: 115582}
  m_LocalRotation: {x: 0, y: 0, z: 0, w: 1}
  m_LocalPosition: {x: -0.076, y: 0.733, z: 0}
  m_LocalScale: {x: 1, y: 1, z: 1}
  m_Children: []
  m_Father: {fileID: 416878}
  m_RootOrder: 3
--- !u!4 &492234
Transform:
  m_ObjectHideFlags: 1
  m_PrefabParentObject: {fileID: 0}
  m_PrefabInternal: {fileID: 100100000}
  m_GameObject: {fileID: 147790}
  m_LocalRotation: {x: 0, y: 0, z: 0, w: 1}
  m_LocalPosition: {x: 0.037, y: 1.59, z: 0}
  m_LocalScale: {x: 1, y: 1, z: 1}
  m_Children: []
  m_Father: {fileID: 416878}
  m_RootOrder: 1
--- !u!4 &494546
Transform:
  m_ObjectHideFlags: 1
  m_PrefabParentObject: {fileID: 0}
  m_PrefabInternal: {fileID: 100100000}
  m_GameObject: {fileID: 182520}
  m_LocalRotation: {x: 0, y: 0, z: 0, w: 1}
  m_LocalPosition: {x: 0, y: 0, z: 0}
  m_LocalScale: {x: 1, y: 1, z: 1}
  m_Children: []
  m_Father: {fileID: 416878}
  m_RootOrder: 0
--- !u!60 &6024538
PolygonCollider2D:
  m_ObjectHideFlags: 1
  m_PrefabParentObject: {fileID: 0}
  m_PrefabInternal: {fileID: 100100000}
  m_GameObject: {fileID: 182520}
  m_Enabled: 1
  m_Density: 1
  m_Material: {fileID: 0}
  m_IsTrigger: 1
  m_UsedByEffector: 0
  m_Offset: {x: 0, y: 0}
  m_Points:
    m_Paths:
    - - {x: 0.43355018, y: -0.2051805}
      - {x: 0.4735502, y: -0.1891805}
      - {x: 0.5775502, y: -0.13718049}
      - {x: 0.6135502, y: -0.11318049}
      - {x: 0.6935502, y: -0.04918048}
      - {x: 0.75355023, y: 0.01081952}
      - {x: 0.8015502, y: 0.07081952}
      - {x: 0.8255502, y: 0.106819525}
      - {x: 0.8695502, y: 0.19881953}
      - {x: 0.8895502, y: 0.24681953}
      - {x: 0.90155023, y: 0.32681954}
      - {x: 0.90555024, y: 0.37481955}
      - {x: 0.90555024, y: 0.45081955}
      - {x: 0.90155023, y: 0.47481954}
      - {x: 0.8855502, y: 0.56681955}
      - {x: 0.8575502, y: 0.66281956}
      - {x: 0.8295502, y: 0.7308196}
      - {x: 0.7895502, y: 0.82681954}
      - {x: 0.7775502, y: 0.88281953}
      - {x: 0.7335502, y: 1.0228195}
      - {x: 0.7175502, y: 1.0708196}
      - {x: 0.6815502, y: 1.1628196}
      - {x: 0.6575502, y: 1.2188196}
      - {x: 0.6095502, y: 1.3188196}
      - {x: 0.5735502, y: 1.3788197}
      - {x: 0.5575502, y: 1.4028196}
      - {x: 0.5135502, y: 1.4588196}
      - {x: 0.49355018, y: 1.4828197}
      - {x: 0.42155018, y: 1.5548197}
      - {x: 0.3815502, y: 1.5868196}
      - {x: 0.3495502, y: 1.6108197}
      - {x: 0.26955017, y: 1.6548196}
      - {x: 0.24155018, y: 1.6588197}
      - {x: 0.18155017, y: 1.6748197}
      - {x: 0.13355018, y: 1.6828196}
      - {x: 0.017550172, y: 1.6828196}
      - {x: -0.042449832, y: 1.6748197}
      - {x: -0.102449834, y: 1.6628196}
      - {x: -0.18244983, y: 1.6388197}
      - {x: -0.26644984, y: 1.5988196}
      - {x: -0.31844985, y: 1.5628196}
      - {x: -0.40244985, y: 1.4788196}
      - {x: -0.43444985, y: 1.4348197}
      - {x: -0.49444985, y: 1.3068197}
      - {x: -0.51444983, y: 1.2588197}
      - {x: -0.5384499, y: 1.1548196}
      - {x: -0.54244983, y: 1.1028197}
      - {x: -0.55444986, y: 1.0108196}
      - {x: -0.57844985, y: 0.92681956}
      - {x: -0.60644984, y: 0.8748196}
      - {x: -0.63844985, y: 0.82681954}
      - {x: -0.6824499, y: 0.78281957}
      - {x: -0.72244984, y: 0.7588196}
      - {x: -0.76644987, y: 0.72281957}
      - {x: -0.81044984, y: 0.6748195}
      - {x: -0.8344499, y: 0.6388196}
      - {x: -0.8584499, y: 0.5828195}
      - {x: -0.87844986, y: 0.51081955}
      - {x: -0.87844986, y: 0.39081955}
      - {x: -0.8624499, y: 0.29481953}
      - {x: -0.8344499, y: 0.23081952}
      - {x: -0.7984499, y: 0.15881953}
      - {x: -0.7464499, y: 0.08681952}
      - {x: -0.6864499, y: 0.02281952}
      - {x: -0.61044985, y: -0.041180484}
      - {x: -0.55844986, y: -0.07718048}
      - {x: -0.49044985, y: -0.11718049}
      - {x: -0.42244986, y: -0.14918049}
      - {x: -0.37444985, y: -0.16918048}
      - {x: -0.30244985, y: -0.20118049}
      - {x: -0.23444983, y: -0.21718049}
      - {x: -0.14644983, y: -0.23718049}
      - {x: -0.102449834, y: -0.24518049}
      - {x: -0.0064498293, y: -0.25718048}
      - {x: 0.07355017, y: -0.2611805}
      - {x: 0.11755018, y: -0.2611805}
      - {x: 0.22955018, y: -0.2531805}
      - {x: 0.3415502, y: -0.2331805}
      - {x: 0.38955018, y: -0.2211805}
--- !u!114 &11400266
MonoBehaviour:
  m_ObjectHideFlags: 1
  m_PrefabParentObject: {fileID: 0}
  m_PrefabInternal: {fileID: 100100000}
  m_GameObject: {fileID: 195036}
  m_Enabled: 1
  m_EditorHideFlags: 0
  m_Script: {fileID: 11500000, guid: 81bb90a8b24d89446913a5a516893a6f, type: 3}
  m_Name: 
  m_EditorClassIdentifier: 
  sideVariant: 0
  socketSize: 1
  defaultAttachmentType: 9
--- !u!114 &11419998
MonoBehaviour:
  m_ObjectHideFlags: 1
  m_PrefabParentObject: {fileID: 0}
  m_PrefabInternal: {fileID: 100100000}
  m_GameObject: {fileID: 125386}
  m_Enabled: 1
  m_EditorHideFlags: 0
  m_Script: {fileID: 11500000, guid: 81bb90a8b24d89446913a5a516893a6f, type: 3}
  m_Name: 
  m_EditorClassIdentifier: 
  sideVariant: 2
  socketSize: 1
  defaultAttachmentType: 1
--- !u!114 &11420600
MonoBehaviour:
  m_ObjectHideFlags: 1
  m_PrefabParentObject: {fileID: 0}
  m_PrefabInternal: {fileID: 100100000}
  m_GameObject: {fileID: 119954}
  m_Enabled: 1
  m_EditorHideFlags: 0
  m_Script: {fileID: 11500000, guid: 81bb90a8b24d89446913a5a516893a6f, type: 3}
  m_Name: 
  m_EditorClassIdentifier: 
  sideVariant: 1
  socketSize: 1
  defaultAttachmentType: 1
--- !u!114 &11420752
MonoBehaviour:
  m_ObjectHideFlags: 1
  m_PrefabParentObject: {fileID: 0}
  m_PrefabInternal: {fileID: 100100000}
  m_GameObject: {fileID: 149074}
  m_Enabled: 1
  m_EditorHideFlags: 0
  m_Script: {fileID: 11500000, guid: 81bb90a8b24d89446913a5a516893a6f, type: 3}
  m_Name: 
  m_EditorClassIdentifier: 
  sideVariant: 0
  socketSize: 1
  defaultAttachmentType: 12
--- !u!114 &11424404
MonoBehaviour:
  m_ObjectHideFlags: 1
  m_PrefabParentObject: {fileID: 0}
  m_PrefabInternal: {fileID: 100100000}
  m_GameObject: {fileID: 136732}
  m_Enabled: 1
  m_EditorHideFlags: 0
  m_Script: {fileID: 11500000, guid: 73b51d014ddf017479c8ebd8433fa3b3, type: 3}
  m_Name: 
  m_EditorClassIdentifier: 
  partType: 0
  leftSideVariant: {fileID: 0}
  rightSideVariant: {fileID: 0}
  severEffect: {fileID: 482692, guid: 605645dca74235a42aee0ac7effaff6a, type: 2}
--- !u!114 &11476796
MonoBehaviour:
  m_ObjectHideFlags: 1
  m_PrefabParentObject: {fileID: 0}
  m_PrefabInternal: {fileID: 100100000}
  m_GameObject: {fileID: 147790}
  m_Enabled: 1
  m_EditorHideFlags: 0
  m_Script: {fileID: 11500000, guid: 81bb90a8b24d89446913a5a516893a6f, type: 3}
  m_Name: 
  m_EditorClassIdentifier: 
  sideVariant: 0
  socketSize: 1
  defaultAttachmentType: 11
--- !u!114 &11493790
MonoBehaviour:
  m_ObjectHideFlags: 1
  m_PrefabParentObject: {fileID: 0}
  m_PrefabInternal: {fileID: 100100000}
  m_GameObject: {fileID: 115582}
  m_Enabled: 1
  m_EditorHideFlags: 0
  m_Script: {fileID: 11500000, guid: 81bb90a8b24d89446913a5a516893a6f, type: 3}
  m_Name: 
  m_EditorClassIdentifier: 
  sideVariant: 0
  socketSize: 1
  defaultAttachmentType: 10
--- !u!212 &21237066
SpriteRenderer:
  m_ObjectHideFlags: 1
  m_PrefabParentObject: {fileID: 0}
  m_PrefabInternal: {fileID: 100100000}
  m_GameObject: {fileID: 182520}
  m_Enabled: 1
  m_CastShadows: 0
  m_ReceiveShadows: 0
  m_Materials:
  - {fileID: 10754, guid: 0000000000000000e000000000000000, type: 0}
  m_SubsetIndices: 
  m_StaticBatchRoot: {fileID: 0}
  m_UseLightProbes: 0
  m_ReflectionProbeUsage: 0
  m_ProbeAnchor: {fileID: 0}
  m_ScaleInLightmap: 1
  m_PreserveUVs: 0
  m_IgnoreNormalsForChartDetection: 0
  m_ImportantGI: 0
  m_MinimumChartSize: 4
  m_AutoUVMaxDistance: 0.5
  m_AutoUVMaxAngle: 89
  m_LightmapParameters: {fileID: 0}
  m_SortingLayerID: 488760221
  m_SortingOrder: 120
  m_Sprite: {fileID: 21300044, guid: 9b4613c3822a4604698d50f76b807f93, type: 3}
  m_Color: {r: 1, g: 1, b: 1, a: 1}
  m_FlipX: 0
  m_FlipY: 0
--- !u!1001 &100100000
Prefab:
  m_ObjectHideFlags: 1
  serializedVersion: 2
  m_Modification:
    m_TransformParent: {fileID: 0}
    m_Modifications:
    - target: {fileID: 0}
      propertyPath: m_SortingOrder
      value: 120
      objectReference: {fileID: 0}
    - target: {fileID: 0}
      propertyPath: m_SortingLayerID
      value: 488760221
      objectReference: {fileID: 0}
    - target: {fileID: 0}
      propertyPath: m_TagString
      value: SoldierPart
      objectReference: {fileID: 0}
    m_RemovedComponents: []
  m_ParentPrefab: {fileID: 0}
  m_RootGameObject: {fileID: 136732}
  m_IsPrefabParent: 1
