%YAML 1.1
%TAG !u! tag:unity3d.com,2011:
--- !u!1 &121614
GameObject:
  m_ObjectHideFlags: 0
  m_PrefabParentObject: {fileID: 0}
  m_PrefabInternal: {fileID: 100100000}
  serializedVersion: 4
  m_Component:
  - 4: {fileID: 496980}
  - 114: {fileID: 11444524}
  m_Layer: 0
  m_Name: soldierPart_chest_tall
  m_TagString: SoldierPart
  m_Icon: {fileID: 0}
  m_NavMeshLayer: 0
  m_StaticEditorFlags: 0
  m_IsActive: 1
--- !u!1 &143590
GameObject:
  m_ObjectHideFlags: 0
  m_PrefabParentObject: {fileID: 0}
  m_PrefabInternal: {fileID: 100100000}
  serializedVersion: 4
  m_Component:
  - 4: {fileID: 410178}
  - 114: {fileID: 11499020}
  m_Layer: 0
  m_Name: TapColliderCreator
  m_TagString: Untagged
  m_Icon: {fileID: 0}
  m_NavMeshLayer: 0
  m_StaticEditorFlags: 0
  m_IsActive: 1
--- !u!1 &154526
GameObject:
  m_ObjectHideFlags: 0
  m_PrefabParentObject: {fileID: 0}
  m_PrefabInternal: {fileID: 100100000}
  serializedVersion: 4
  m_Component:
  - 4: {fileID: 446044}
  - 114: {fileID: 11439300}
  m_Layer: 0
  m_Name: Socket_rightarm
  m_TagString: Untagged
  m_Icon: {fileID: 0}
  m_NavMeshLayer: 0
  m_StaticEditorFlags: 0
  m_IsActive: 1
--- !u!1 &172716
GameObject:
  m_ObjectHideFlags: 0
  m_PrefabParentObject: {fileID: 0}
  m_PrefabInternal: {fileID: 100100000}
  serializedVersion: 4
  m_Component:
  - 4: {fileID: 485340}
  - 114: {fileID: 11464226}
  m_Layer: 0
  m_Name: TapColliderCreator
  m_TagString: Untagged
  m_Icon: {fileID: 0}
  m_NavMeshLayer: 0
  m_StaticEditorFlags: 0
  m_IsActive: 1
--- !u!1 &176898
GameObject:
  m_ObjectHideFlags: 0
  m_PrefabParentObject: {fileID: 0}
  m_PrefabInternal: {fileID: 100100000}
  serializedVersion: 4
  m_Component:
  - 4: {fileID: 464196}
  - 114: {fileID: 11401550}
  m_Layer: 0
  m_Name: Socket_head
  m_TagString: Untagged
  m_Icon: {fileID: 0}
  m_NavMeshLayer: 0
  m_StaticEditorFlags: 0
  m_IsActive: 1
--- !u!1 &178526
GameObject:
  m_ObjectHideFlags: 0
  m_PrefabParentObject: {fileID: 0}
  m_PrefabInternal: {fileID: 100100000}
  serializedVersion: 4
  m_Component:
  - 4: {fileID: 400628}
  - 212: {fileID: 21225014}
  - 60: {fileID: 6085674}
  m_Layer: 0
  m_Name: Visual
  m_TagString: SoldierPart
  m_Icon: {fileID: 0}
  m_NavMeshLayer: 0
  m_StaticEditorFlags: 0
  m_IsActive: 1
--- !u!1 &183932
GameObject:
  m_ObjectHideFlags: 0
  m_PrefabParentObject: {fileID: 0}
  m_PrefabInternal: {fileID: 100100000}
  serializedVersion: 4
  m_Component:
  - 4: {fileID: 445626}
  - 114: {fileID: 11479448}
  m_Layer: 0
  m_Name: Socket_leftarm
  m_TagString: Untagged
  m_Icon: {fileID: 0}
  m_NavMeshLayer: 0
  m_StaticEditorFlags: 0
  m_IsActive: 1
--- !u!4 &400628
Transform:
  m_ObjectHideFlags: 1
  m_PrefabParentObject: {fileID: 0}
  m_PrefabInternal: {fileID: 100100000}
  m_GameObject: {fileID: 178526}
  m_LocalRotation: {x: 0, y: 0, z: 0, w: 1}
  m_LocalPosition: {x: 0, y: 0, z: 0}
  m_LocalScale: {x: 1, y: 1, z: 1}
  m_Children: []
  m_Father: {fileID: 496980}
  m_RootOrder: 0
--- !u!4 &410178
Transform:
  m_ObjectHideFlags: 1
  m_PrefabParentObject: {fileID: 0}
  m_PrefabInternal: {fileID: 100100000}
  m_GameObject: {fileID: 143590}
  m_LocalRotation: {x: 0, y: 0, z: 0, w: 1}
  m_LocalPosition: {x: -0.97, y: 2.24, z: 0}
  m_LocalScale: {x: 1, y: 1, z: 1}
  m_Children: []
  m_Father: {fileID: 496980}
  m_RootOrder: 2
--- !u!4 &445626
Transform:
  m_ObjectHideFlags: 1
  m_PrefabParentObject: {fileID: 0}
  m_PrefabInternal: {fileID: 100100000}
  m_GameObject: {fileID: 183932}
  m_LocalRotation: {x: 0, y: 0, z: 0, w: 1}
  m_LocalPosition: {x: -0.86, y: 1.78, z: 0}
  m_LocalScale: {x: 1, y: 1, z: 1}
  m_Children: []
  m_Father: {fileID: 496980}
  m_RootOrder: 3
--- !u!4 &446044
Transform:
  m_ObjectHideFlags: 1
  m_PrefabParentObject: {fileID: 0}
  m_PrefabInternal: {fileID: 100100000}
  m_GameObject: {fileID: 154526}
  m_LocalRotation: {x: 0, y: 0, z: 0, w: 1}
  m_LocalPosition: {x: 1.07, y: 1.77, z: 0}
  m_LocalScale: {x: 1, y: 1, z: 1}
  m_Children: []
  m_Father: {fileID: 496980}
  m_RootOrder: 4
--- !u!4 &464196
Transform:
  m_ObjectHideFlags: 1
  m_PrefabParentObject: {fileID: 0}
  m_PrefabInternal: {fileID: 100100000}
  m_GameObject: {fileID: 176898}
  m_LocalRotation: {x: 0, y: 0, z: 0, w: 1}
  m_LocalPosition: {x: -0.01, y: 2.48, z: 0}
  m_LocalScale: {x: 1, y: 1, z: 1}
  m_Children: []
  m_Father: {fileID: 496980}
  m_RootOrder: 5
--- !u!4 &485340
Transform:
  m_ObjectHideFlags: 1
  m_PrefabParentObject: {fileID: 0}
  m_PrefabInternal: {fileID: 100100000}
  m_GameObject: {fileID: 172716}
  m_LocalRotation: {x: 0, y: 0, z: 0, w: 1}
  m_LocalPosition: {x: 1.19, y: 2.29, z: 0}
  m_LocalScale: {x: 1, y: 1, z: 1}
  m_Children: []
  m_Father: {fileID: 496980}
  m_RootOrder: 1
--- !u!4 &496980
Transform:
  m_ObjectHideFlags: 1
  m_PrefabParentObject: {fileID: 0}
  m_PrefabInternal: {fileID: 100100000}
  m_GameObject: {fileID: 121614}
  m_LocalRotation: {x: 0, y: 0, z: 0, w: 1}
  m_LocalPosition: {x: 0, y: 0, z: 0}
  m_LocalScale: {x: 1, y: 1, z: 1}
  m_Children:
  - {fileID: 400628}
  - {fileID: 485340}
  - {fileID: 410178}
  - {fileID: 445626}
  - {fileID: 446044}
  - {fileID: 464196}
  m_Father: {fileID: 0}
  m_RootOrder: 0
--- !u!60 &6085674
PolygonCollider2D:
  m_ObjectHideFlags: 1
  m_PrefabParentObject: {fileID: 0}
  m_PrefabInternal: {fileID: 100100000}
  m_GameObject: {fileID: 178526}
  m_Enabled: 1
  m_Density: 1
  m_Material: {fileID: 0}
  m_IsTrigger: 1
  m_UsedByEffector: 0
  m_Offset: {x: 0, y: 0}
  m_Points:
    m_Paths:
    - - {x: -0.00043212893, y: -0.5341898}
      - {x: 0.08756787, y: -0.52618986}
      - {x: 0.25556788, y: -0.51018983}
      - {x: 0.29956788, y: -0.5061898}
      - {x: 0.3835679, y: -0.49818984}
      - {x: 0.4235679, y: -0.49418983}
      - {x: 0.4675679, y: -0.49018985}
      - {x: 0.5075679, y: -0.48618984}
      - {x: 0.5515679, y: -0.48218983}
      - {x: 0.6315679, y: -0.47418985}
      - {x: 0.6755679, y: -0.47018984}
      - {x: 0.7155679, y: -0.46618983}
      - {x: 0.7595679, y: -0.46218985}
      - {x: 0.8395679, y: -0.45418984}
      - {x: 0.8835679, y: -0.45018983}
      - {x: 0.9635679, y: -0.44218984}
      - {x: 1.0075679, y: -0.43818983}
      - {x: 1.0875679, y: -0.43018985}
      - {x: 1.131568, y: -0.42618984}
      - {x: 1.1635679, y: -0.42218983}
      - {x: 1.1715679, y: -0.41818985}
      - {x: 1.167568, y: -0.35818985}
      - {x: 1.1435679, y: -0.25818983}
      - {x: 1.139568, y: -0.23418982}
      - {x: 1.1075679, y: -0.07418982}
      - {x: 1.0995679, y: -0.02618982}
      - {x: 1.0915679, y: 0.013810181}
      - {x: 1.083568, y: 0.049810182}
      - {x: 1.075568, y: 0.09781019}
      - {x: 1.0435679, y: 0.2578102}
      - {x: 1.0355679, y: 0.30581018}
      - {x: 0.9995679, y: 0.4858102}
      - {x: 0.9915679, y: 0.5338102}
      - {x: 0.9635679, y: 0.6738102}
      - {x: 0.9555679, y: 0.7178102}
      - {x: 0.9555679, y: 0.7538102}
      - {x: 1.0035679, y: 0.8338102}
      - {x: 1.0515679, y: 0.93381023}
      - {x: 1.0795679, y: 1.0018102}
      - {x: 1.103568, y: 1.0738102}
      - {x: 1.1155679, y: 1.1378102}
      - {x: 1.1435679, y: 1.2618102}
      - {x: 1.159568, y: 1.3298103}
      - {x: 1.215568, y: 1.5578103}
      - {x: 1.215568, y: 1.5738102}
      - {x: 1.2195679, y: 1.6338103}
      - {x: 1.223568, y: 1.6738102}
      - {x: 1.231568, y: 1.7578102}
      - {x: 1.243568, y: 1.8778102}
      - {x: 1.251568, y: 1.9618102}
      - {x: 1.2635679, y: 2.0818102}
      - {x: 1.2835679, y: 2.2858102}
      - {x: 1.2835679, y: 2.31381}
      - {x: 1.2635679, y: 2.3218102}
      - {x: 1.195568, y: 2.33381}
      - {x: 1.0155679, y: 2.3618102}
      - {x: 0.8995679, y: 2.3778102}
      - {x: 0.8035679, y: 2.38981}
      - {x: 0.7635679, y: 2.3938103}
      - {x: 0.7195679, y: 2.3978102}
      - {x: 0.6915679, y: 2.3978102}
      - {x: 0.5955679, y: 2.6258101}
      - {x: 0.5515679, y: 2.7298102}
      - {x: 0.5275679, y: 2.7858102}
      - {x: 0.5115679, y: 2.7858102}
      - {x: 0.4795679, y: 2.77781}
      - {x: 0.4435679, y: 2.7658103}
      - {x: 0.3915679, y: 2.7498102}
      - {x: 0.3555679, y: 2.7378101}
      - {x: 0.3035679, y: 2.72181}
      - {x: 0.26756787, y: 2.7098103}
      - {x: 0.21556789, y: 2.6938102}
      - {x: 0.10756788, y: 2.6578102}
      - {x: 0.06756788, y: 2.6418102}
      - {x: 0.03156787, y: 2.6378102}
      - {x: -0.08043213, y: 2.6138103}
      - {x: -0.17243214, y: 2.59381}
      - {x: -0.22843213, y: 2.5818102}
      - {x: -0.41243213, y: 2.5418103}
      - {x: -0.48843214, y: 2.5258102}
      - {x: -0.52843213, y: 2.5218103}
      - {x: -0.58843213, y: 2.50181}
      - {x: -0.60043216, y: 2.4898102}
      - {x: -0.63243216, y: 2.3498101}
      - {x: -0.67643213, y: 2.3458102}
      - {x: -0.8164322, y: 2.31781}
      - {x: -0.8444322, y: 2.31381}
      - {x: -1.0124322, y: 2.2858102}
      - {x: -1.0244322, y: 2.2738101}
      - {x: -1.0204322, y: 2.2338102}
      - {x: -1.0124322, y: 2.1618102}
      - {x: -1.0084321, y: 2.1218102}
      - {x: -1.0004321, y: 2.0498102}
      - {x: -0.9964322, y: 2.0098102}
      - {x: -0.9924322, y: 1.9738103}
      - {x: -0.98843217, y: 1.9338102}
      - {x: -0.98043215, y: 1.8618103}
      - {x: -0.9764322, y: 1.8218102}
      - {x: -0.9644322, y: 1.7138102}
      - {x: -0.95643216, y: 1.6778103}
      - {x: -0.9364322, y: 1.6138103}
      - {x: -0.9164322, y: 1.5458102}
      - {x: -0.8804322, y: 1.4218103}
      - {x: -0.8444322, y: 1.2938102}
      - {x: -0.83643216, y: 1.2618102}
      - {x: -0.8164322, y: 1.1778102}
      - {x: -0.80843216, y: 1.1258103}
      - {x: -0.80043215, y: 1.0858102}
      - {x: -0.7844322, y: 1.0218102}
      - {x: -0.76843214, y: 0.97381026}
      - {x: -0.7324322, y: 0.8898102}
      - {x: -0.7044322, y: 0.84581023}
      - {x: -0.68043214, y: 0.82181025}
      - {x: -0.65243214, y: 0.8098102}
      - {x: -0.6724322, y: 0.7458102}
      - {x: -0.6964322, y: 0.6858102}
      - {x: -0.70843214, y: 0.6578102}
      - {x: -0.7284322, y: 0.6138102}
      - {x: -0.7284322, y: 0.6058102}
      - {x: -1.1004322, y: -0.13818982}
      - {x: -1.1284322, y: -0.19818982}
      - {x: -1.1604322, y: -0.27418983}
      - {x: -1.1724322, y: -0.30618984}
      - {x: -1.1724322, y: -0.33018982}
      - {x: -1.1604322, y: -0.35818985}
      - {x: -1.1324322, y: -0.38218984}
      - {x: -1.1124321, y: -0.39818984}
      - {x: -1.0684322, y: -0.41818985}
      - {x: -1.0164322, y: -0.43818983}
      - {x: -0.9924322, y: -0.44618985}
      - {x: -0.92443216, y: -0.46618983}
      - {x: -0.84043217, y: -0.48618984}
      - {x: -0.73643214, y: -0.5061898}
      - {x: -0.60443217, y: -0.52618986}
      - {x: -0.53243214, y: -0.5341898}
      - {x: -0.44843215, y: -0.54218984}
      - {x: -0.39243215, y: -0.54618984}
      - {x: -0.28843215, y: -0.54618984}
      - {x: -0.28443214, y: -0.55018985}
      - {x: -0.21243215, y: -0.55018985}
      - {x: -0.12843214, y: -0.54618984}
      - {x: -0.04043213, y: -0.5381898}
--- !u!114 &11401550
MonoBehaviour:
  m_ObjectHideFlags: 1
  m_PrefabParentObject: {fileID: 0}
  m_PrefabInternal: {fileID: 100100000}
  m_GameObject: {fileID: 176898}
  m_Enabled: 1
  m_EditorHideFlags: 0
  m_Script: {fileID: 11500000, guid: 81bb90a8b24d89446913a5a516893a6f, type: 3}
  m_Name: 
  m_EditorClassIdentifier: 
  sideVariant: 0
  socketSize: 1
  defaultAttachmentType: 0
--- !u!114 &11439300
MonoBehaviour:
  m_ObjectHideFlags: 1
  m_PrefabParentObject: {fileID: 0}
  m_PrefabInternal: {fileID: 100100000}
  m_GameObject: {fileID: 154526}
  m_Enabled: 1
  m_EditorHideFlags: 0
  m_Script: {fileID: 11500000, guid: 81bb90a8b24d89446913a5a516893a6f, type: 3}
  m_Name: 
  m_EditorClassIdentifier: 
  sideVariant: 2
  socketSize: 1
  defaultAttachmentType: 6
--- !u!114 &11444524
MonoBehaviour:
  m_ObjectHideFlags: 1
  m_PrefabParentObject: {fileID: 0}
  m_PrefabInternal: {fileID: 100100000}
  m_GameObject: {fileID: 121614}
  m_Enabled: 1
  m_EditorHideFlags: 0
  m_Script: {fileID: 11500000, guid: 73b51d014ddf017479c8ebd8433fa3b3, type: 3}
  m_Name: 
  m_EditorClassIdentifier: 
  partType: 3
  leftSideVariant: {fileID: 0}
  rightSideVariant: {fileID: 0}
  severEffect: {fileID: 482692, guid: 605645dca74235a42aee0ac7effaff6a, type: 2}
  rigidbodyOnSever: 0
--- !u!114 &11464226
MonoBehaviour:
  m_ObjectHideFlags: 1
  m_PrefabParentObject: {fileID: 0}
  m_PrefabInternal: {fileID: 100100000}
  m_GameObject: {fileID: 172716}
  m_Enabled: 1
  m_EditorHideFlags: 0
  m_Script: {fileID: 11500000, guid: 1b10b8808411575468adb72da12db0ce, type: 3}
  m_Name: 
  m_EditorClassIdentifier: 
  tapColliderPrefab: {fileID: 193666, guid: 987ff3b99bddae24e8e7597bbef567f4, type: 2}
--- !u!114 &11479448
MonoBehaviour:
  m_ObjectHideFlags: 1
  m_PrefabParentObject: {fileID: 0}
  m_PrefabInternal: {fileID: 100100000}
  m_GameObject: {fileID: 183932}
  m_Enabled: 1
  m_EditorHideFlags: 0
  m_Script: {fileID: 11500000, guid: 81bb90a8b24d89446913a5a516893a6f, type: 3}
  m_Name: 
  m_EditorClassIdentifier: 
  sideVariant: 1
  socketSize: 1
  defaultAttachmentType: 6
--- !u!114 &11499020
MonoBehaviour:
  m_ObjectHideFlags: 1
  m_PrefabParentObject: {fileID: 0}
  m_PrefabInternal: {fileID: 100100000}
  m_GameObject: {fileID: 143590}
  m_Enabled: 1
  m_EditorHideFlags: 0
  m_Script: {fileID: 11500000, guid: 1b10b8808411575468adb72da12db0ce, type: 3}
  m_Name: 
  m_EditorClassIdentifier: 
  tapColliderPrefab: {fileID: 193666, guid: 987ff3b99bddae24e8e7597bbef567f4, type: 2}
--- !u!212 &21225014
SpriteRenderer:
  m_ObjectHideFlags: 1
  m_PrefabParentObject: {fileID: 0}
  m_PrefabInternal: {fileID: 100100000}
  m_GameObject: {fileID: 178526}
  m_Enabled: 1
  m_CastShadows: 0
  m_ReceiveShadows: 0
  m_Materials:
  - {fileID: 10754, guid: 0000000000000000e000000000000000, type: 0}
  m_SubsetIndices: 
  m_StaticBatchRoot: {fileID: 0}
  m_UseLightProbes: 0
  m_ReflectionProbeUsage: 0
  m_ProbeAnchor: {fileID: 0}
  m_ScaleInLightmap: 1
  m_PreserveUVs: 0
  m_IgnoreNormalsForChartDetection: 0
  m_ImportantGI: 0
  m_MinimumChartSize: 4
  m_AutoUVMaxDistance: 0.5
  m_AutoUVMaxAngle: 89
  m_LightmapParameters: {fileID: 0}
  m_SortingLayerID: 488760221
  m_SortingOrder: 90
  m_Sprite: {fileID: 21300016, guid: 3ebb143e0c02ad34d8a58a68c6f5fd6a, type: 3}
  m_Color: {r: 1, g: 1, b: 1, a: 1}
  m_FlipX: 0
  m_FlipY: 0
--- !u!1001 &100100000
Prefab:
  m_ObjectHideFlags: 1
  serializedVersion: 2
  m_Modification:
    m_TransformParent: {fileID: 0}
    m_Modifications:
    - target: {fileID: 0}
      propertyPath: rigidbodyOnSever
      value: 0
      objectReference: {fileID: 0}
    m_RemovedComponents: []
  m_ParentPrefab: {fileID: 0}
  m_RootGameObject: {fileID: 121614}
  m_IsPrefabParent: 1
