%YAML 1.1
%TAG !u! tag:unity3d.com,2011:
--- !u!1 &104030
GameObject:
  m_ObjectHideFlags: 0
  m_PrefabParentObject: {fileID: 0}
  m_PrefabInternal: {fileID: 100100000}
  serializedVersion: 4
  m_Component:
  - 4: {fileID: 462990}
  - 212: {fileID: 21290556}
  - 60: {fileID: 6047012}
  m_Layer: 0
  m_Name: Visual
  m_TagString: SoldierPart
  m_Icon: {fileID: 0}
  m_NavMeshLayer: 0
  m_StaticEditorFlags: 0
  m_IsActive: 1
--- !u!1 &106422
GameObject:
  m_ObjectHideFlags: 0
  m_PrefabParentObject: {fileID: 0}
  m_PrefabInternal: {fileID: 100100000}
  serializedVersion: 4
  m_Component:
  - 4: {fileID: 471680}
  - 114: {fileID: 11428336}
  m_Layer: 0
  m_Name: Socket_rightarm
  m_TagString: Untagged
  m_Icon: {fileID: 0}
  m_NavMeshLayer: 0
  m_StaticEditorFlags: 0
  m_IsActive: 1
--- !u!1 &125930
GameObject:
  m_ObjectHideFlags: 0
  m_PrefabParentObject: {fileID: 0}
  m_PrefabInternal: {fileID: 100100000}
  serializedVersion: 4
  m_Component:
  - 4: {fileID: 480470}
  - 114: {fileID: 11446512}
  m_Layer: 0
  m_Name: TapColliderCreator
  m_TagString: Untagged
  m_Icon: {fileID: 0}
  m_NavMeshLayer: 0
  m_StaticEditorFlags: 0
  m_IsActive: 1
--- !u!1 &162756
GameObject:
  m_ObjectHideFlags: 0
  m_PrefabParentObject: {fileID: 0}
  m_PrefabInternal: {fileID: 100100000}
  serializedVersion: 4
  m_Component:
  - 4: {fileID: 410988}
  - 114: {fileID: 11449334}
  m_Layer: 0
  m_Name: Socket_head
  m_TagString: Untagged
  m_Icon: {fileID: 0}
  m_NavMeshLayer: 0
  m_StaticEditorFlags: 0
  m_IsActive: 1
--- !u!1 &170234
GameObject:
  m_ObjectHideFlags: 0
  m_PrefabParentObject: {fileID: 0}
  m_PrefabInternal: {fileID: 100100000}
  serializedVersion: 4
  m_Component:
  - 4: {fileID: 412482}
  - 114: {fileID: 11473504}
  m_Layer: 0
  m_Name: Socket_leftarm
  m_TagString: Untagged
  m_Icon: {fileID: 0}
  m_NavMeshLayer: 0
  m_StaticEditorFlags: 0
  m_IsActive: 1
--- !u!1 &184906
GameObject:
  m_ObjectHideFlags: 0
  m_PrefabParentObject: {fileID: 0}
  m_PrefabInternal: {fileID: 100100000}
  serializedVersion: 4
  m_Component:
  - 4: {fileID: 482690}
  - 114: {fileID: 11419914}
  m_Layer: 0
  m_Name: TapColliderCreator
  m_TagString: Untagged
  m_Icon: {fileID: 0}
  m_NavMeshLayer: 0
  m_StaticEditorFlags: 0
  m_IsActive: 1
--- !u!1 &198796
GameObject:
  m_ObjectHideFlags: 0
  m_PrefabParentObject: {fileID: 0}
  m_PrefabInternal: {fileID: 100100000}
  serializedVersion: 4
  m_Component:
  - 4: {fileID: 462898}
  - 114: {fileID: 11452664}
  m_Layer: 0
  m_Name: soldierPart_chest_normal
  m_TagString: SoldierPart
  m_Icon: {fileID: 0}
  m_NavMeshLayer: 0
  m_StaticEditorFlags: 0
  m_IsActive: 1
--- !u!4 &410988
Transform:
  m_ObjectHideFlags: 1
  m_PrefabParentObject: {fileID: 0}
  m_PrefabInternal: {fileID: 100100000}
  m_GameObject: {fileID: 162756}
  m_LocalRotation: {x: 0, y: 0, z: 0, w: 1}
  m_LocalPosition: {x: -0.05, y: 1.91, z: 0}
  m_LocalScale: {x: 1, y: 1, z: 1}
  m_Children: []
  m_Father: {fileID: 462898}
  m_RootOrder: 5
--- !u!4 &412482
Transform:
  m_ObjectHideFlags: 1
  m_PrefabParentObject: {fileID: 0}
  m_PrefabInternal: {fileID: 100100000}
  m_GameObject: {fileID: 170234}
  m_LocalRotation: {x: 0, y: 0, z: 0, w: 1}
  m_LocalPosition: {x: -0.94, y: 1.32, z: 0}
  m_LocalScale: {x: 1, y: 1, z: 1}
  m_Children: []
  m_Father: {fileID: 462898}
  m_RootOrder: 3
--- !u!4 &462898
Transform:
  m_ObjectHideFlags: 1
  m_PrefabParentObject: {fileID: 0}
  m_PrefabInternal: {fileID: 100100000}
  m_GameObject: {fileID: 198796}
  m_LocalRotation: {x: 0, y: 0, z: 0, w: 1}
  m_LocalPosition: {x: 0, y: 0, z: 0}
  m_LocalScale: {x: 1, y: 1, z: 1}
  m_Children:
  - {fileID: 462990}
  - {fileID: 482690}
  - {fileID: 480470}
  - {fileID: 412482}
  - {fileID: 471680}
  - {fileID: 410988}
  m_Father: {fileID: 0}
  m_RootOrder: 0
--- !u!4 &462990
Transform:
  m_ObjectHideFlags: 1
  m_PrefabParentObject: {fileID: 0}
  m_PrefabInternal: {fileID: 100100000}
  m_GameObject: {fileID: 104030}
  m_LocalRotation: {x: 0, y: 0, z: 0, w: 1}
  m_LocalPosition: {x: 0, y: 0, z: 0}
  m_LocalScale: {x: 1, y: 1, z: 1}
  m_Children: []
  m_Father: {fileID: 462898}
  m_RootOrder: 0
--- !u!4 &471680
Transform:
  m_ObjectHideFlags: 1
  m_PrefabParentObject: {fileID: 0}
  m_PrefabInternal: {fileID: 100100000}
  m_GameObject: {fileID: 106422}
  m_LocalRotation: {x: 0, y: 0, z: 0, w: 1}
  m_LocalPosition: {x: 0.73, y: 1.39, z: 0}
  m_LocalScale: {x: 1, y: 1, z: 1}
  m_Children: []
  m_Father: {fileID: 462898}
  m_RootOrder: 4
--- !u!4 &480470
Transform:
  m_ObjectHideFlags: 1
  m_PrefabParentObject: {fileID: 0}
  m_PrefabInternal: {fileID: 100100000}
  m_GameObject: {fileID: 125930}
  m_LocalRotation: {x: 0, y: 0, z: 0, w: 1}
  m_LocalPosition: {x: -1.09, y: 1.65, z: 0}
  m_LocalScale: {x: 1, y: 1, z: 1}
  m_Children: []
  m_Father: {fileID: 462898}
  m_RootOrder: 2
--- !u!4 &482690
Transform:
  m_ObjectHideFlags: 1
  m_PrefabParentObject: {fileID: 0}
  m_PrefabInternal: {fileID: 100100000}
  m_GameObject: {fileID: 184906}
  m_LocalRotation: {x: 0, y: 0, z: 0, w: 1}
  m_LocalPosition: {x: 0.92, y: 1.68, z: 0}
  m_LocalScale: {x: 1, y: 1, z: 1}
  m_Children: []
  m_Father: {fileID: 462898}
  m_RootOrder: 1
--- !u!60 &6047012
PolygonCollider2D:
  m_ObjectHideFlags: 1
  m_PrefabParentObject: {fileID: 0}
  m_PrefabInternal: {fileID: 100100000}
  m_GameObject: {fileID: 104030}
  m_Enabled: 1
  m_Density: 1
  m_Material: {fileID: 0}
  m_IsTrigger: 1
  m_UsedByEffector: 0
  m_Offset: {x: 0, y: 0}
  m_Points:
    m_Paths:
    - - {x: 0.47468802, y: -0.6306551}
      - {x: 0.52268803, y: -0.6226551}
      - {x: 0.562688, y: -0.61465514}
      - {x: 0.69868803, y: -0.58665514}
      - {x: 0.782688, y: -0.5706551}
      - {x: 0.806688, y: -0.5666551}
      - {x: 0.84668803, y: -0.55865514}
      - {x: 1.022688, y: -0.5226551}
      - {x: 1.030688, y: -0.5186551}
      - {x: 1.030688, y: -0.3306551}
      - {x: 1.0106881, y: -0.2906551}
      - {x: 0.982688, y: -0.2386551}
      - {x: 0.902688, y: -0.090655096}
      - {x: 0.85468805, y: -0.0026550905}
      - {x: 0.79868805, y: 0.10134491}
      - {x: 0.75868803, y: 0.16934492}
      - {x: 0.76668805, y: 0.18134491}
      - {x: 0.830688, y: 0.3373449}
      - {x: 0.842688, y: 0.36934492}
      - {x: 0.814688, y: 0.6493449}
      - {x: 0.806688, y: 0.733345}
      - {x: 0.76268804, y: 1.173345}
      - {x: 0.75868803, y: 1.205345}
      - {x: 0.79868805, y: 1.2853451}
      - {x: 0.82268804, y: 1.337345}
      - {x: 0.842688, y: 1.381345}
      - {x: 0.93868804, y: 1.5893451}
      - {x: 0.958688, y: 1.633345}
      - {x: 0.982688, y: 1.685345}
      - {x: 1.002688, y: 1.7213451}
      - {x: 0.99468803, y: 1.741345}
      - {x: 0.79468805, y: 1.769345}
      - {x: 0.746688, y: 1.7773451}
      - {x: 0.550688, y: 1.809345}
      - {x: 0.546688, y: 1.8213451}
      - {x: 0.562688, y: 1.8573451}
      - {x: 0.574688, y: 1.8853451}
      - {x: 0.590688, y: 1.9213451}
      - {x: 0.606688, y: 1.9613451}
      - {x: 0.598688, y: 1.9693451}
      - {x: 0.534688, y: 1.9693451}
      - {x: 0.530688, y: 1.965345}
      - {x: 0.402688, y: 1.965345}
      - {x: 0.39868802, y: 1.9613451}
      - {x: 0.150688, y: 1.957345}
      - {x: 0.146688, y: 1.9533451}
      - {x: 0.02268799, y: 1.9533451}
      - {x: 0.01868799, y: 1.9493451}
      - {x: -0.10131202, y: 1.9493451}
      - {x: -0.10531202, y: 1.945345}
      - {x: -0.23731202, y: 1.945345}
      - {x: -0.24131203, y: 1.9413451}
      - {x: -0.35731202, y: 1.9413451}
      - {x: -0.36131203, y: 1.937345}
      - {x: -0.48931202, y: 1.937345}
      - {x: -0.52131206, y: 1.9253451}
      - {x: -0.57731205, y: 1.901345}
      - {x: -0.66931206, y: 1.861345}
      - {x: -0.69731206, y: 1.8493451}
      - {x: -0.709312, y: 1.8413451}
      - {x: -0.7053121, y: 1.797345}
      - {x: -0.68931204, y: 1.7493451}
      - {x: -1.045312, y: 1.6933451}
      - {x: -1.0693121, y: 1.689345}
      - {x: -1.1253121, y: 1.685345}
      - {x: -1.1333121, y: 1.6653451}
      - {x: -1.0813121, y: 1.481345}
      - {x: -1.0413121, y: 1.337345}
      - {x: -1.0253121, y: 1.2853451}
      - {x: -0.99731207, y: 1.205345}
      - {x: -0.977312, y: 1.153345}
      - {x: -0.96131206, y: 1.117345}
      - {x: -0.94931203, y: 1.093345}
      - {x: -0.93331206, y: 1.0733451}
      - {x: -0.917312, y: 1.025345}
      - {x: -0.9133121, y: 0.98934495}
      - {x: -0.90931207, y: 0.92134494}
      - {x: -0.90531206, y: 0.9173449}
      - {x: -0.90531206, y: 0.71734494}
      - {x: -0.90931207, y: 0.71334493}
      - {x: -0.90931207, y: 0.5933449}
      - {x: -0.9133121, y: 0.5893449}
      - {x: -0.917312, y: 0.5013449}
      - {x: -0.92131203, y: 0.42534494}
      - {x: -0.92531204, y: 0.36134493}
      - {x: -0.92931205, y: 0.26934493}
      - {x: -0.90131205, y: 0.22934492}
      - {x: -0.86931205, y: 0.18134491}
      - {x: -0.89731205, y: 0.12534492}
      - {x: -0.917312, y: 0.08134491}
      - {x: -0.9413121, y: 0.02934491}
      - {x: -1.001312, y: -0.1026551}
      - {x: -1.0253121, y: -0.1546551}
      - {x: -1.085312, y: -0.2866551}
      - {x: -1.109312, y: -0.3386551}
      - {x: -1.149312, y: -0.4266551}
      - {x: -1.1733121, y: -0.4786551}
      - {x: -1.1893121, y: -0.5146551}
      - {x: -1.1893121, y: -0.5226551}
      - {x: -1.1733121, y: -0.5346551}
      - {x: -1.1413121, y: -0.5386551}
      - {x: -0.99331206, y: -0.55865514}
      - {x: -0.78131205, y: -0.58665514}
      - {x: -0.65731204, y: -0.6026551}
      - {x: -0.50931203, y: -0.6226551}
      - {x: -0.11331201, y: -0.67465514}
      - {x: -0.09331202, y: -0.67465514}
      - {x: -0.081312016, y: -0.6626551}
      - {x: -0.06531201, y: -0.61865515}
      - {x: -0.045312013, y: -0.5746551}
      - {x: -0.03331201, y: -0.5186551}
      - {x: -0.025312012, y: -0.5026551}
      - {x: -0.017312013, y: -0.4706551}
      - {x: -0.005312012, y: -0.5146551}
      - {x: 0.04668799, y: -0.6906551}
      - {x: 0.058687992, y: -0.71065515}
      - {x: 0.114687994, y: -0.70265514}
      - {x: 0.434688, y: -0.6386551}
      - {x: 0.45868802, y: -0.6346551}
--- !u!114 &11419914
MonoBehaviour:
  m_ObjectHideFlags: 1
  m_PrefabParentObject: {fileID: 0}
  m_PrefabInternal: {fileID: 100100000}
  m_GameObject: {fileID: 184906}
  m_Enabled: 1
  m_EditorHideFlags: 0
  m_Script: {fileID: 11500000, guid: 1b10b8808411575468adb72da12db0ce, type: 3}
  m_Name: 
  m_EditorClassIdentifier: 
  tapColliderPrefab: {fileID: 193666, guid: 987ff3b99bddae24e8e7597bbef567f4, type: 2}
--- !u!114 &11428336
MonoBehaviour:
  m_ObjectHideFlags: 1
  m_PrefabParentObject: {fileID: 0}
  m_PrefabInternal: {fileID: 100100000}
  m_GameObject: {fileID: 106422}
  m_Enabled: 1
  m_EditorHideFlags: 0
  m_Script: {fileID: 11500000, guid: 81bb90a8b24d89446913a5a516893a6f, type: 3}
  m_Name: 
  m_EditorClassIdentifier: 
  sideVariant: 2
  socketSize: 1
  defaultAttachmentType: 6
--- !u!114 &11446512
MonoBehaviour:
  m_ObjectHideFlags: 1
  m_PrefabParentObject: {fileID: 0}
  m_PrefabInternal: {fileID: 100100000}
  m_GameObject: {fileID: 125930}
  m_Enabled: 1
  m_EditorHideFlags: 0
  m_Script: {fileID: 11500000, guid: 1b10b8808411575468adb72da12db0ce, type: 3}
  m_Name: 
  m_EditorClassIdentifier: 
  tapColliderPrefab: {fileID: 193666, guid: 987ff3b99bddae24e8e7597bbef567f4, type: 2}
--- !u!114 &11449334
MonoBehaviour:
  m_ObjectHideFlags: 1
  m_PrefabParentObject: {fileID: 0}
  m_PrefabInternal: {fileID: 100100000}
  m_GameObject: {fileID: 162756}
  m_Enabled: 1
  m_EditorHideFlags: 0
  m_Script: {fileID: 11500000, guid: 81bb90a8b24d89446913a5a516893a6f, type: 3}
  m_Name: 
  m_EditorClassIdentifier: 
  sideVariant: 0
  socketSize: 1
  defaultAttachmentType: 0
--- !u!114 &11452664
MonoBehaviour:
  m_ObjectHideFlags: 1
  m_PrefabParentObject: {fileID: 0}
  m_PrefabInternal: {fileID: 100100000}
  m_GameObject: {fileID: 198796}
  m_Enabled: 1
  m_EditorHideFlags: 0
  m_Script: {fileID: 11500000, guid: 73b51d014ddf017479c8ebd8433fa3b3, type: 3}
  m_Name: 
  m_EditorClassIdentifier: 
  partType: 3
  leftSideVariant: {fileID: 0}
  rightSideVariant: {fileID: 0}
  severEffect: {fileID: 482692, guid: 605645dca74235a42aee0ac7effaff6a, type: 2}
  rigidbodyOnSever: 0
--- !u!114 &11473504
MonoBehaviour:
  m_ObjectHideFlags: 1
  m_PrefabParentObject: {fileID: 0}
  m_PrefabInternal: {fileID: 100100000}
  m_GameObject: {fileID: 170234}
  m_Enabled: 1
  m_EditorHideFlags: 0
  m_Script: {fileID: 11500000, guid: 81bb90a8b24d89446913a5a516893a6f, type: 3}
  m_Name: 
  m_EditorClassIdentifier: 
  sideVariant: 1
  socketSize: 1
  defaultAttachmentType: 6
--- !u!212 &21290556
SpriteRenderer:
  m_ObjectHideFlags: 1
  m_PrefabParentObject: {fileID: 0}
  m_PrefabInternal: {fileID: 100100000}
  m_GameObject: {fileID: 104030}
  m_Enabled: 1
  m_CastShadows: 0
  m_ReceiveShadows: 0
  m_Materials:
  - {fileID: 10754, guid: 0000000000000000e000000000000000, type: 0}
  m_SubsetIndices: 
  m_StaticBatchRoot: {fileID: 0}
  m_UseLightProbes: 0
  m_ReflectionProbeUsage: 0
  m_ProbeAnchor: {fileID: 0}
  m_ScaleInLightmap: 1
  m_PreserveUVs: 0
  m_IgnoreNormalsForChartDetection: 0
  m_ImportantGI: 0
  m_MinimumChartSize: 4
  m_AutoUVMaxDistance: 0.5
  m_AutoUVMaxAngle: 89
  m_LightmapParameters: {fileID: 0}
  m_SortingLayerID: 488760221
  m_SortingOrder: 90
  m_Sprite: {fileID: 21300014, guid: 3ebb143e0c02ad34d8a58a68c6f5fd6a, type: 3}
  m_Color: {r: 1, g: 1, b: 1, a: 1}
  m_FlipX: 0
  m_FlipY: 0
--- !u!1001 &100100000
Prefab:
  m_ObjectHideFlags: 1
  serializedVersion: 2
  m_Modification:
    m_TransformParent: {fileID: 0}
    m_Modifications:
    - target: {fileID: 0}
      propertyPath: rigidbodyOnSever
      value: 0
      objectReference: {fileID: 0}
    m_RemovedComponents: []
  m_ParentPrefab: {fileID: 0}
  m_RootGameObject: {fileID: 198796}
  m_IsPrefabParent: 1
