%YAML 1.1
%TAG !u! tag:unity3d.com,2011:
--- !u!1 &124028
GameObject:
  m_ObjectHideFlags: 0
  m_PrefabParentObject: {fileID: 0}
  m_PrefabInternal: {fileID: 100100000}
  serializedVersion: 4
  m_Component:
  - 4: {fileID: 434244}
  - 212: {fileID: 21200862}
  - 60: {fileID: 6070892}
  m_Layer: 0
  m_Name: Visual
  m_TagString: SoldierPart
  m_Icon: {fileID: 0}
  m_NavMeshLayer: 0
  m_StaticEditorFlags: 0
  m_IsActive: 1
--- !u!1 &132604
GameObject:
  m_ObjectHideFlags: 0
  m_PrefabParentObject: {fileID: 0}
  m_PrefabInternal: {fileID: 100100000}
  serializedVersion: 4
  m_Component:
  - 4: {fileID: 449292}
  - 114: {fileID: 11465386}
  m_Layer: 0
  m_Name: soldierPart_nose_potato
  m_TagString: SoldierPart
  m_Icon: {fileID: 0}
  m_NavMeshLayer: 0
  m_StaticEditorFlags: 0
  m_IsActive: 1
--- !u!4 &434244
Transform:
  m_ObjectHideFlags: 1
  m_PrefabParentObject: {fileID: 0}
  m_PrefabInternal: {fileID: 100100000}
  m_GameObject: {fileID: 124028}
  m_LocalRotation: {x: 0, y: 0, z: 0, w: 1}
  m_LocalPosition: {x: 0, y: 0, z: 0}
  m_LocalScale: {x: 1, y: 1, z: 1}
  m_Children: []
  m_Father: {fileID: 449292}
  m_RootOrder: 0
--- !u!4 &449292
Transform:
  m_ObjectHideFlags: 1
  m_PrefabParentObject: {fileID: 0}
  m_PrefabInternal: {fileID: 100100000}
  m_GameObject: {fileID: 132604}
  m_LocalRotation: {x: 0, y: 0, z: 0, w: 1}
  m_LocalPosition: {x: 0, y: 0, z: 0}
  m_LocalScale: {x: 1, y: 1, z: 1}
  m_Children:
  - {fileID: 434244}
  m_Father: {fileID: 0}
  m_RootOrder: 0
--- !u!60 &6070892
PolygonCollider2D:
  m_ObjectHideFlags: 1
  m_PrefabParentObject: {fileID: 0}
  m_PrefabInternal: {fileID: 100100000}
  m_GameObject: {fileID: 124028}
  m_Enabled: 1
  m_Density: 1
  m_Material: {fileID: 0}
  m_IsTrigger: 1
  m_UsedByEffector: 0
  m_Offset: {x: 0, y: 0}
  m_Points:
    m_Paths:
    - - {x: 0.585, y: -0.545}
      - {x: 0.73499995, y: -0.515}
      - {x: 0.84499997, y: -0.445}
      - {x: 0.945, y: -0.345}
      - {x: 0.995, y: -0.24499999}
      - {x: 0.995, y: -0.085}
      - {x: 0.935, y: 0.074999996}
      - {x: 0.825, y: 0.225}
      - {x: 0.555, y: 0.465}
      - {x: 0.305, y: 0.655}
      - {x: 0.074999996, y: 0.78499997}
      - {x: 0.044999998, y: 0.78499997}
      - {x: -0.255, y: 0.66499996}
      - {x: -0.49499997, y: 0.555}
      - {x: -0.675, y: 0.45499998}
      - {x: -0.905, y: 0.255}
      - {x: -0.97499996, y: 0.105}
      - {x: -0.98499995, y: 0.015}
      - {x: -0.98499995, y: -0.285}
      - {x: -0.955, y: -0.345}
      - {x: -0.755, y: -0.475}
      - {x: -0.515, y: -0.525}
      - {x: -0.355, y: -0.60499996}
      - {x: -0.195, y: -0.775}
      - {x: -0.16499999, y: -0.78499997}
      - {x: -0.114999995, y: -0.79499996}
      - {x: 0.055, y: -0.78499997}
      - {x: 0.155, y: -0.72499996}
      - {x: 0.305, y: -0.585}
      - {x: 0.375, y: -0.545}
--- !u!114 &11465386
MonoBehaviour:
  m_ObjectHideFlags: 1
  m_PrefabParentObject: {fileID: 0}
  m_PrefabInternal: {fileID: 100100000}
  m_GameObject: {fileID: 132604}
  m_Enabled: 1
  m_EditorHideFlags: 0
  m_Script: {fileID: 11500000, guid: 73b51d014ddf017479c8ebd8433fa3b3, type: 3}
  m_Name: 
  m_EditorClassIdentifier: 
  partType: 10
  leftSideVariant: {fileID: 0}
  rightSideVariant: {fileID: 0}
  severEffect: {fileID: 482692, guid: 605645dca74235a42aee0ac7effaff6a, type: 2}
--- !u!212 &21200862
SpriteRenderer:
  m_ObjectHideFlags: 1
  m_PrefabParentObject: {fileID: 0}
  m_PrefabInternal: {fileID: 100100000}
  m_GameObject: {fileID: 124028}
  m_Enabled: 1
  m_CastShadows: 0
  m_ReceiveShadows: 0
  m_Materials:
  - {fileID: 10754, guid: 0000000000000000e000000000000000, type: 0}
  m_SubsetIndices: 
  m_StaticBatchRoot: {fileID: 0}
  m_UseLightProbes: 0
  m_ReflectionProbeUsage: 0
  m_ProbeAnchor: {fileID: 0}
  m_ScaleInLightmap: 1
  m_PreserveUVs: 0
  m_IgnoreNormalsForChartDetection: 0
  m_ImportantGI: 0
  m_MinimumChartSize: 4
  m_AutoUVMaxDistance: 0.5
  m_AutoUVMaxAngle: 89
  m_LightmapParameters: {fileID: 0}
  m_SortingLayerID: 488760221
  m_SortingOrder: 150
  m_Sprite: {fileID: 21300008, guid: 9b4613c3822a4604698d50f76b807f93, type: 3}
  m_Color: {r: 1, g: 1, b: 1, a: 1}
  m_FlipX: 0
  m_FlipY: 0
--- !u!1001 &100100000
Prefab:
  m_ObjectHideFlags: 1
  serializedVersion: 2
  m_Modification:
    m_TransformParent: {fileID: 0}
    m_Modifications:
    - target: {fileID: 0}
      propertyPath: m_SortingLayerID
      value: 488760221
      objectReference: {fileID: 0}
    - target: {fileID: 0}
      propertyPath: m_SortingOrder
      value: 150
      objectReference: {fileID: 0}
    m_RemovedComponents: []
  m_ParentPrefab: {fileID: 0}
  m_RootGameObject: {fileID: 132604}
  m_IsPrefabParent: 1
