%YAML 1.1
%TAG !u! tag:unity3d.com,2011:
--- !u!1 &107478
GameObject:
  m_ObjectHideFlags: 0
  m_PrefabParentObject: {fileID: 0}
  m_PrefabInternal: {fileID: 100100000}
  serializedVersion: 4
  m_Component:
  - 4: {fileID: 429944}
  - 212: {fileID: 21212598}
  - 60: {fileID: 6059678}
  m_Layer: 0
  m_Name: Visual
  m_TagString: SoldierPart
  m_Icon: {fileID: 0}
  m_NavMeshLayer: 0
  m_StaticEditorFlags: 0
  m_IsActive: 1
--- !u!1 &160682
GameObject:
  m_ObjectHideFlags: 0
  m_PrefabParentObject: {fileID: 0}
  m_PrefabInternal: {fileID: 100100000}
  serializedVersion: 4
  m_Component:
  - 4: {fileID: 490832}
  - 114: {fileID: 11460378}
  m_Layer: 0
  m_Name: soldierPart_hat_puffyhelmet
  m_TagString: SoldierPart
  m_Icon: {fileID: 0}
  m_NavMeshLayer: 0
  m_StaticEditorFlags: 0
  m_IsActive: 1
--- !u!4 &429944
Transform:
  m_ObjectHideFlags: 1
  m_PrefabParentObject: {fileID: 0}
  m_PrefabInternal: {fileID: 100100000}
  m_GameObject: {fileID: 107478}
  m_LocalRotation: {x: 0, y: 0, z: 0, w: 1}
  m_LocalPosition: {x: 0, y: 0, z: 0}
  m_LocalScale: {x: 1, y: 1, z: 1}
  m_Children: []
  m_Father: {fileID: 490832}
  m_RootOrder: 0
--- !u!4 &490832
Transform:
  m_ObjectHideFlags: 1
  m_PrefabParentObject: {fileID: 0}
  m_PrefabInternal: {fileID: 100100000}
  m_GameObject: {fileID: 160682}
  m_LocalRotation: {x: 0, y: 0, z: 0, w: 1}
  m_LocalPosition: {x: 0, y: 0, z: 0}
  m_LocalScale: {x: 1, y: 1, z: 1}
  m_Children:
  - {fileID: 429944}
  m_Father: {fileID: 0}
  m_RootOrder: 0
--- !u!60 &6059678
PolygonCollider2D:
  m_ObjectHideFlags: 1
  m_PrefabParentObject: {fileID: 0}
  m_PrefabInternal: {fileID: 100100000}
  m_GameObject: {fileID: 107478}
  m_Enabled: 1
  m_Density: 1
  m_Material: {fileID: 0}
  m_IsTrigger: 1
  m_UsedByEffector: 0
  m_Offset: {x: 0, y: 0}
  m_Points:
    m_Paths:
    - - {x: -0.62462884, y: -0.30739796}
      - {x: -0.5846288, y: -0.27539796}
      - {x: -0.4766288, y: -0.24339797}
      - {x: -0.3006288, y: -0.19139796}
      - {x: -0.16462879, y: -0.15139796}
      - {x: 0.023371218, y: -0.09539796}
      - {x: 0.13537122, y: -0.06339795}
      - {x: 0.44737124, y: -0.16739796}
      - {x: 0.50337124, y: -0.18739796}
      - {x: 0.69537127, y: -0.25139797}
      - {x: 0.72337127, y: -0.25939795}
      - {x: 0.80737126, y: -0.44339797}
      - {x: 0.8433713, y: -0.527398}
      - {x: 0.85537124, y: -0.53539795}
      - {x: 0.91937125, y: -0.53539795}
      - {x: 0.9353713, y: -0.523398}
      - {x: 0.9673713, y: -0.527398}
      - {x: 0.9953713, y: -0.48339796}
      - {x: 1.0073713, y: -0.45939797}
      - {x: 1.0073713, y: -0.40339798}
      - {x: 0.9993713, y: -0.35539797}
      - {x: 0.9913713, y: -0.31939796}
      - {x: 0.94737124, y: -0.27539796}
      - {x: 0.95137125, y: -0.24339797}
      - {x: 0.92737126, y: -0.21539795}
      - {x: 0.80737126, y: -0.11539795}
      - {x: 0.77537125, y: -0.091397956}
      - {x: 0.68337125, y: 0.08860206}
      - {x: 0.67937124, y: 0.16460206}
      - {x: 0.6713712, y: 0.21660206}
      - {x: 0.65137124, y: 0.30060208}
      - {x: 0.6433712, y: 0.32860208}
      - {x: 0.62337124, y: 0.38460207}
      - {x: 0.58737123, y: 0.46460208}
      - {x: 0.55937123, y: 0.5126021}
      - {x: 0.49937123, y: 0.5966021}
      - {x: 0.39537123, y: 0.6926021}
      - {x: 0.35537124, y: 0.7206021}
      - {x: 0.25537124, y: 0.7686021}
      - {x: 0.22337122, y: 0.8006021}
      - {x: 0.23937123, y: 0.8166021}
      - {x: 0.25537124, y: 0.8486021}
      - {x: 0.25137123, y: 0.8686021}
      - {x: 0.30737123, y: 0.8646021}
      - {x: 0.36737123, y: 0.8606021}
      - {x: 0.38737124, y: 0.8646021}
      - {x: 0.41937125, y: 0.8766021}
      - {x: 0.45537123, y: 0.9046021}
      - {x: 0.47137123, y: 0.9446021}
      - {x: 0.46737123, y: 1.0366021}
      - {x: 0.45537123, y: 1.0926021}
      - {x: 0.42737123, y: 1.1366022}
      - {x: 0.39937124, y: 1.1566021}
      - {x: 0.42337123, y: 1.1766021}
      - {x: 0.48737124, y: 1.2446021}
      - {x: 0.51537126, y: 1.2846022}
      - {x: 0.53937125, y: 1.3166021}
      - {x: 0.5793712, y: 1.4006021}
      - {x: 0.59137124, y: 1.4366021}
      - {x: 0.59937125, y: 1.4686021}
      - {x: 0.60337126, y: 1.4926021}
      - {x: 0.60337126, y: 1.5926021}
      - {x: 0.59937125, y: 1.6166022}
      - {x: 0.5793712, y: 1.6846021}
      - {x: 0.53537124, y: 1.7726021}
      - {x: 0.48337123, y: 1.8326021}
      - {x: 0.41937125, y: 1.8926021}
      - {x: 0.37137124, y: 1.9286021}
      - {x: 0.31537125, y: 1.9646021}
      - {x: 0.20337123, y: 2.0206022}
      - {x: 0.12737122, y: 2.052602}
      - {x: 0.08337122, y: 2.068602}
      - {x: 0.04737122, y: 2.0806022}
      - {x: -0.08062879, y: 2.1166022}
      - {x: -0.2486288, y: 2.1526022}
      - {x: -0.3126288, y: 2.1566021}
      - {x: -0.4166288, y: 2.164602}
      - {x: -0.5286288, y: 2.164602}
      - {x: -0.5806288, y: 2.160602}
      - {x: -0.6406288, y: 2.1526022}
      - {x: -0.71262884, y: 2.140602}
      - {x: -0.7646288, y: 2.1166022}
      - {x: -0.79662883, y: 2.0966022}
      - {x: -0.83262885, y: 2.0606022}
      - {x: -0.8486288, y: 2.0246022}
      - {x: -0.85662884, y: 2.0046022}
      - {x: -0.8766288, y: 1.9486022}
      - {x: -0.88462883, y: 1.9126022}
      - {x: -0.88462883, y: 1.8726021}
      - {x: -0.8766288, y: 1.8606021}
      - {x: -0.92462885, y: 1.8486022}
      - {x: -1.0286288, y: 1.8046021}
      - {x: -1.0726289, y: 1.7846022}
      - {x: -1.1126288, y: 1.7646022}
      - {x: -1.1446289, y: 1.7446021}
      - {x: -1.1766288, y: 1.7206022}
      - {x: -1.2286289, y: 1.6646022}
      - {x: -1.2526288, y: 1.6206021}
      - {x: -1.2526288, y: 1.5646021}
      - {x: -1.2406288, y: 1.5046021}
      - {x: -1.2166288, y: 1.4446021}
      - {x: -1.1686288, y: 1.3446021}
      - {x: -1.1366289, y: 1.2886021}
      - {x: -1.0966288, y: 1.2246021}
      - {x: -1.0246289, y: 1.1166021}
      - {x: -0.9406288, y: 1.0006021}
      - {x: -0.88862884, y: 0.9406021}
      - {x: -0.88462883, y: 0.8926021}
      - {x: -0.8806288, y: 0.8886021}
      - {x: -0.8806288, y: 0.7526021}
      - {x: -0.88462883, y: 0.7486021}
      - {x: -0.9006288, y: 0.67660207}
      - {x: -0.9366288, y: 0.6286021}
      - {x: -0.9686288, y: 0.61660206}
      - {x: -1.0006288, y: 0.61660206}
      - {x: -1.0446289, y: 0.6286021}
      - {x: -1.0646288, y: 0.6326021}
      - {x: -1.1166289, y: 0.6646021}
      - {x: -1.2086289, y: 0.7246021}
      - {x: -1.2486289, y: 0.73260206}
      - {x: -1.2686288, y: 0.7086021}
      - {x: -1.2886288, y: 0.67260206}
      - {x: -1.2886288, y: 0.6606021}
      - {x: -1.2806288, y: 0.6366021}
      - {x: -1.2366289, y: 0.58460206}
      - {x: -1.1486288, y: 0.50060207}
      - {x: -1.1126288, y: 0.47260207}
      - {x: -1.0846288, y: 0.45660207}
      - {x: -1.0726289, y: 0.45260206}
      - {x: -1.0366288, y: 0.45260206}
      - {x: -0.94462883, y: 0.46860206}
      - {x: -0.9126288, y: 0.4806021}
      - {x: -0.83262885, y: 0.50060207}
      - {x: -0.85662884, y: 0.4806021}
      - {x: -0.9126288, y: 0.4366021}
      - {x: -0.97262883, y: 0.38860208}
      - {x: -1.0846288, y: 0.30460206}
      - {x: -1.0566288, y: 0.24860206}
      - {x: -1.0166289, y: 0.24060206}
      - {x: -0.95662886, y: 0.24460207}
      - {x: -0.8966288, y: 0.26060206}
      - {x: -0.82462883, y: 0.28860205}
      - {x: -0.7766288, y: 0.30460206}
      - {x: -0.7886288, y: 0.26860207}
      - {x: -0.79662883, y: 0.23660207}
      - {x: -0.8086288, y: 0.18460207}
      - {x: -0.8166288, y: 0.13660206}
      - {x: -0.82462883, y: 0.072602056}
      - {x: -0.82862884, y: 0.028602052}
      - {x: -0.82862884, y: -0.15139796}
      - {x: -0.82462883, y: -0.19539796}
      - {x: -0.83262885, y: -0.23939796}
      - {x: -0.8526288, y: -0.28339797}
      - {x: -0.88862884, y: -0.29139796}
      - {x: -0.92462885, y: -0.30739796}
      - {x: -0.98062885, y: -0.36339796}
      - {x: -1.0446289, y: -0.43539798}
      - {x: -1.0366288, y: -0.47539797}
      - {x: -1.0206288, y: -0.503398}
      - {x: -1.0006288, y: -0.59539795}
      - {x: -0.9046288, y: -0.69139796}
      - {x: -0.89262885, y: -0.69139796}
      - {x: -0.8206288, y: -0.635398}
      - {x: -0.79662883, y: -0.615398}
      - {x: -0.6606288, y: -0.34339797}
--- !u!114 &11460378
MonoBehaviour:
  m_ObjectHideFlags: 1
  m_PrefabParentObject: {fileID: 0}
  m_PrefabInternal: {fileID: 100100000}
  m_GameObject: {fileID: 160682}
  m_Enabled: 1
  m_EditorHideFlags: 0
  m_Script: {fileID: 11500000, guid: 73b51d014ddf017479c8ebd8433fa3b3, type: 3}
  m_Name: 
  m_EditorClassIdentifier: 
  partType: 11
  leftSideVariant: {fileID: 0}
  rightSideVariant: {fileID: 0}
  severEffect: {fileID: 482692, guid: 605645dca74235a42aee0ac7effaff6a, type: 2}
--- !u!212 &21212598
SpriteRenderer:
  m_ObjectHideFlags: 1
  m_PrefabParentObject: {fileID: 0}
  m_PrefabInternal: {fileID: 100100000}
  m_GameObject: {fileID: 107478}
  m_Enabled: 1
  m_CastShadows: 0
  m_ReceiveShadows: 0
  m_Materials:
  - {fileID: 10754, guid: 0000000000000000e000000000000000, type: 0}
  m_SubsetIndices: 
  m_StaticBatchRoot: {fileID: 0}
  m_UseLightProbes: 0
  m_ReflectionProbeUsage: 0
  m_ProbeAnchor: {fileID: 0}
  m_ScaleInLightmap: 1
  m_PreserveUVs: 0
  m_IgnoreNormalsForChartDetection: 0
  m_ImportantGI: 0
  m_MinimumChartSize: 4
  m_AutoUVMaxDistance: 0.5
  m_AutoUVMaxAngle: 89
  m_LightmapParameters: {fileID: 0}
  m_SortingLayerID: 488760221
  m_SortingOrder: 160
  m_Sprite: {fileID: 21300000, guid: 9b4613c3822a4604698d50f76b807f93, type: 3}
  m_Color: {r: 1, g: 1, b: 1, a: 1}
  m_FlipX: 0
  m_FlipY: 0
--- !u!1001 &100100000
Prefab:
  m_ObjectHideFlags: 1
  serializedVersion: 2
  m_Modification:
    m_TransformParent: {fileID: 0}
    m_Modifications:
    - target: {fileID: 0}
      propertyPath: m_SortingLayerID
      value: 488760221
      objectReference: {fileID: 0}
    - target: {fileID: 0}
      propertyPath: m_SortingOrder
      value: 160
      objectReference: {fileID: 0}
    m_RemovedComponents: []
  m_ParentPrefab: {fileID: 0}
  m_RootGameObject: {fileID: 160682}
  m_IsPrefabParent: 1
